<?xml version="1.0" encoding="UTF-8"?><collection xmlns="http://www.loc.gov/MARC21/slim"><record><leader>00395nam--2200157-i-4500</leader><controlfield tag="001">000047243</controlfield><controlfield tag="002">20161230</controlfield><controlfield tag="005">20170111235036</controlfield><controlfield tag="008">060222s1000------------r-----000-0-eng-d</controlfield><datafield ind1=" " ind2=" " tag="080"><subfield code="a">620.179.1(038)</subfield></datafield><datafield ind1=" " ind2=" " tag="100"><subfield code="a">Whitehouse, David J</subfield></datafield><datafield ind1=" " ind2=" " tag="245"><subfield code="a">Handook of surface metrology</subfield></datafield><datafield ind1=" " ind2=" " tag="260"><subfield code="a">Bristol</subfield><subfield code="b">Inst.Of Ph.Publ</subfield><subfield code="c">1994</subfield></datafield><datafield ind1=" " ind2=" " tag="300"><subfield code="a">XXVI+988 p</subfield></datafield><datafield ind1=" " ind2=" " tag="852"><subfield code="a">80412</subfield></datafield><datafield ind1=" " ind2=" " tag="CAT"><subfield code="a">SYS</subfield><subfield code="c">20170111</subfield><subfield code="h">235036</subfield></datafield></record></collection>